<?xml version="1.0" encoding="UTF-8"?><collection xmlns="http://www.loc.gov/MARC21/slim"><record><leader>00593nam--2200181-u-4500</leader><controlfield tag="001">000053691</controlfield><controlfield tag="002">20161230</controlfield><controlfield tag="005">20161230201051</controlfield><controlfield tag="008">110512s1000------------r-----000-0-fre-d</controlfield><datafield ind1=" " ind2=" " tag="040"><subfield code="a">IFIN-HH</subfield></datafield><datafield ind1=" " ind2=" " tag="041"><subfield code="a">fre</subfield></datafield><datafield ind1=" " ind2=" " tag="080"><subfield code="a">536.3(043)</subfield></datafield><datafield ind1="1" ind2=" " tag="100"><subfield code="a">Blondet-gonte, Gilbert</subfield></datafield><datafield ind1="1" ind2="0" tag="245"><subfield code="a">Etude de la chaleur specifique entre 1,3 et 4,3 k d'une serie de carbones non-cristallins; influence d'un champ magnetique variable de 0 a 40 k gauss</subfield><subfield code="b">These</subfield><subfield code="c">Gilbert blondet-gonte</subfield></datafield><datafield ind1=" " ind2=" " tag="260"><subfield code="a">Bordeaux</subfield><subfield code="b">Universite</subfield><subfield code="c">1971</subfield></datafield><datafield ind1=" " ind2=" " tag="300"><subfield code="a">102P. + ANEXE</subfield></datafield><datafield ind1=" " ind2=" " tag="852"><subfield code="a">78161</subfield><subfield code="c">536</subfield></datafield><datafield ind1=" " ind2=" " tag="CAT"><subfield code="a">Sys</subfield><subfield code="c">20110512</subfield><subfield code="h">102814</subfield></datafield></record></collection>